<?xml version="1.0" encoding="UTF-8"?><collection xmlns="http://www.loc.gov/MARC21/slim"><record><leader>00431nam--2200169-u-4500</leader><controlfield tag="001">000055631</controlfield><controlfield tag="002">20161230</controlfield><controlfield tag="005">20161230201052</controlfield><controlfield tag="008">130305s1000------------r-----000-0-eng-d</controlfield><datafield ind1=" " ind2=" " tag="040"><subfield code="a">IFIN-HH</subfield></datafield><datafield ind1=" " ind2=" " tag="080"><subfield code="a">801.323.2=82=956</subfield></datafield><datafield ind1="1" ind2=" " tag="100"><subfield code="a">Neverov, S.V</subfield></datafield><datafield ind1="1" ind2="0" tag="245"><subfield code="a">Karmannih russko-iaponskii slovari</subfield><subfield code="c">S.v. neverov</subfield></datafield><datafield ind1=" " ind2=" " tag="260"><subfield code="a">Moskva</subfield><subfield code="b">Russkii Iazik</subfield><subfield code="c">1985</subfield></datafield><datafield ind1=" " ind2=" " tag="300"><subfield code="a">312P</subfield></datafield><datafield ind1=" " ind2=" " tag="852"><subfield code="a">D.671</subfield><subfield code="c">SLCH</subfield></datafield><datafield ind1=" " ind2=" " tag="CAT"><subfield code="a">Sys</subfield><subfield code="c">20130305</subfield><subfield code="h">163631</subfield></datafield></record></collection>